%% documentação do biblatex está aqui:
%% http://mirrors.ibiblio.org/CTAN/macros/latex/contrib/biblatex/doc/biblatex.pdf

%% https://www.semanticscholar.org/
%% http://scholar.google.com

@article{doprocessamento,
    title={Processamento de Linguagem Natural},
    author={do Lago Pereira, Silvio},
    url={https://www.ime.usp.br/~slago/pl-12.pdf},
    year={2013},
    month={Outubro},
    note = {Acessado em 12/12/2018},
}

@book{inteligencia-artificial,
    TITLE = {Inteligência Artificial},
    SUBTITLE = {},
    AUTHOR = {Stuart Russell and Peter Norvig},
    YEAR = {2013},
    PUBLISHER = {Campus},
}

@article{reategui2006agentes,
    title={Agentes pedag{\'o}gicos animados},
    author={Reategui, Eliseo Berni and Moraes, M{\'a}rcia Cristina},
    journal={RENOTE},
    volume={4},
    number={2},
    year={2006},
    note = {Acessado em 12/12/2018},
}

@article{Polyn2011SemanticCA,
    title={Semantic cuing and the scale insensitivity of recency and contiguity.},
    author={Sean M. Polyn and Gennady Erlikhman and Michael J. Kahana},
    journal={Journal of experimental psychology. Learning, memory, and cognition},
    year={2011},
    volume={37 3},
    pages={766-75},
    note = {Acessado em 08/12/2018},
    doi = {http://doi.org/10.1037/a0022475},
    url = {https://pdfs.semanticscholar.org/468f/02962727017c0a062d91599b170adcdf5400.pdf}
}

@article{eu:gdpr,
    citeulike-article-id = {14071352},
    citeulike-linkout-0 = {http://eur-lex.europa.eu/legal-content/EN/TXT/?uri=OJ:L:2016:119:TOC},
    day = {4},
    journal = {Official Journal of the European Union},
    key = {European Union},
    keywords = {data-protection, eu, gdpr, legal},
    month = may,
    pages = {1--88},
    posted-at = {2016-06-18 08:17:15},
    priority = {2},
    title = {Regulation (EU) 2016/679 of the European Parliament and of the Council of 27 April 2016 on the protection of natural persons  with regard to the processing of personal data and on the free movement of such data, and repealing Directive 95/46/EC (General Data Protection Regulation)},
    url = {http://eur-lex.europa.eu/legal-content/EN/TXT/?uri=OJ:L:2016:119:TOC},
    volume = {L119},
    year = {2016},
    note = {Acessado em 06/12/2018}
}

@misc{huso17,
    keywords = {social analytics, smart cities, social engineering},
    pages = {2--4},
    title = {Social Analytics and Smart Cities HUSO 2017},
    url = {https://www.iaria.org/conferences2017/filesHUSO17/HUSO2017_ICCGI2017_EpertPanel.pdf},
    year = {2017},
    note = {Acessado em 06/12/2018}
}

@misc{lavaprotocols:smartcity,
    author = {Peter Murray},
    title = {40 Brilliant Examples of Smart City Projects Which Uses Open Data},
    year = {2018},
    url = {https://lavaprotocols.com/2018/06/28/40-smart-city-projects-open-data/},
    urldate = {07/12/2018},
    note = {Acessado em 07/12/2018}
}

@article{ital:jung-andrew,
    journaltitle = {Information Technology and Libraries},
    author = {Jung-ran Park and Andrew Brenza},
    keywords = {text extraction, metadata generation, big data},
    title = {Evaluation Of Semi-Automatic Metadata Generation Tools: A Survey Of The Current State Of The Art},
    url = {https://ejournals.bc.edu/ojs/index.php/ital/article/view/5889},
    doi = {https://doi.org/10.6017/ital.v34i3.5889},
    year = {2015},
    month = {Setembro},
    note = {Acessado em 06/12/2018}
}

@article{cornel:ner,
    journaltitle = {Computer Science - Information Retrieval},
    author = {Diego Esteves and Rafael Peres and Jens Lehmann and Giulio Napolitano},
    keywords = {NER, Short Texts, Noisy Data, Machine Learning, Computer Vision},
    title = {Named Entity Recognition in Twitter using Images and Text},
    url = {https://arxiv.org/abs/1710.11027v1},
    year = {2017},
    month = {Outubro},
    note = {Acessado em 07/12/2018}
}

@mastersthesis{aalto:ner,
    title = {Convolutional Neural Networks for Named Entity Recognition in Images of Documents},
    author = {van de Kerkhof, Jan},
    year = {2016},
    language = {en},
    pages = {45},
    keyword = {convolutional neural networks; faster R-CNN; named entity recognition; images; documents},
    type = {G2 Pro gradu, diplomityö},
    url = {http://urn.fi/URN:NBN:fi:aalto-201610124921},
    school = {Aalto University Learning Centre}
}

@article{w3c:ssn,
    author = {Lefort, Laurent and Henson, Cory and Taylor, Kerry and Nikolov, Andriy and Page, Kevin and Barnaghi, Payam and Compton, Michael and Corcho, Oscar and García Castro, Raúl and Graybeal, John and Herzog, Arthur and Janowicz, Krzysztof},
    year = {2011},
    month = {01},
    pages = {},
    title = {Semantic Sensor Network XG Final Report},
    volume = {28},
    journal = {W3C Incubator Group Report},
    url = {https://www.w3.org/2005/Incubator/ssn/XGR-ssn-20110628/},
    note = {Acessado em 07/12/2018}
}

@article{contextualdata:smartcities,
    journaltitle = {Computer Science > Artificial Intelligence},
    author = {Henrique Santos and Vasco Furtado and Paulo Pinheiro and Deborah L. McGuinness},
    keywords = {smart cities, sensor network, data quality},
    title = {Contextual Data Collection for Smart Cities},
    url = {https://arxiv.org/abs/1704.01802v1},
    hyperref = {https://arxiv.org/abs/1704.01802v1},
    year = {2017},
    month = {Abril},
    note = {Acessado em 07/12/2018}
}

@INPROCEEDINGS{contextenrichment:multi, 
    author={Y. Yao and L. Lin}, 
    booktitle={2011 First ACIS/JNU International Conference on Computers, Networks, Systems and Industrial Engineering}, 
    title={Semantic Context Enrichment and Shifting Based on Multi-dimensional Association}, 
    year={2011}, 
    volume={}, 
    number={}, 
    pages={26-30}, 
    keywords={knowledge management;meta data;ontologies (artificial intelligence);semantic context enrichment;multidimensional association;knowledge management;context representation;metadata;context enrichment approach;context shifting approach;core Entity;ontology;Context;Semantics;Ontologies;Concrete;Knowledge management;Merging;semantic context;multi-dimensional association;context enrichment;context shifting}, 
    doi={10.1109/CNSI.2011.71}, 
    ISSN={}, 
    month={May},
    url = {https://ieeexplore.ieee.org/document/5954271},
    note = {Acessado em 09/12/2018},
}

@article{moreira2014sistema,
    title={Um sistema de enriquecimento sem{\^a}ntico de perfil de usu{\'a}rio baseado em tra{\c{c}}os digitais para apoio {\`a} aprendizagem informal no contexto da sa{\'u}de},
    author={Moreira, Jonathan Darlan Cunegundes and Neto, Francisco Milton Mendes and da Costa, Alisson Alan Lima and Sombra, Enio Lopes and de Alian{\c{c}}a Neto, Argemiro Soares and de Medeiros Valentim, Ricardo Alexsandro},
    journal={RENOTE},
    volume={12},
    number={1},
    year={2014},
    url = {http://www.cinted.ufrgs.br/ciclo23/arti-aprov/127887.pdf},
    note = {Acessado em 09/12/2018},
}

@article{extracting:fromtwitter,
    journaltitle = {Electronic Participation: Third IFIP WG 8.5 International Conference, ePart 2011, Delft, The Netherlands, August 29 – September 1, 2011. Proceedings},
    author = {Peter Teufl and Stefan Kraxberger},
    keywords = {Semantic Patterns, Twitter Mining, e-Participation, Semantic Analysis, Trend Analysis, Semantic Search, Machine Learning, Social Network Analysis},
    title = {Extracting Semantic Knowledge from Twitter},
    url = {https://link.springer.com/content/pdf/10.1007/978-3-642-23333-3_5.pdf},
    year = {2011},
    month = {Agosto},
    note = {Acessado em 07/12/2018},
    pages = {51}
}

@article{Zeithamova2017TemporalPP,
    title={Temporal Proximity Promotes Integration of Overlapping Events},
    author={Dagmar Zeithamova and Alison R. Preston},
    journal={Journal of Cognitive Neuroscience},
    year={2017},
    month={Junho},
    volume={29},
    pages={1311-1323},
    note = {Acessado em 08/12/2018},
    url = {https://www.mitpressjournals.org/doi/abs/10.1162/jocn_a_01116},
    doi = {http://doi.org/10.1162/jocn_a_01116}
}

@article{doi:10.1080/10095020.2013.772802,
    author = {Armin Gruen},
    title = {SMART Cities: The need for spatial intelligence},
    journal = {Geo-spatial Information Science},
    volume = {16},
    number = {1},
    pages = {3-6},
    year  = {2013},
    month = {Março},
    publisher = {Taylor \& Francis},
    doi = {https://doi.org/10.1080/10095020.2013.772802},
    url = {https://doi.org/10.1080/10095020.2013.772802},
    eprint = {https://doi.org/10.1080/10095020.2013.772802},
    note = {Acessado em 09/12/2018},
}

@inproceedings{Psyllidis2017APF,
    title={A Platform for Urban Analytics and Semantic Data Integration in City Planning},
    author={Achilleas Psyllidis and Alessandro Bozzon and Stefano Bocconi and Christiaan Titos},
    keywords = {Urban analytics, Semantic integration, Crowdsourcing, Ontologies, SocialGlass, Urban computing, Smart cities},
    year={2015},
    month = {Junho},
    url = {https://pdfs.semanticscholar.org/830f/21df9fa7247465ea519165b3c987ec0c884c.pdf},
    note = {Acessado em 09/12/2018},
}

@article{Amann2000IntegratingOA,
    title={Integrating ontologies and thesauri for RDF schema creation and metadata querying},
    author={Bernd Amann and Irini Fundulaki and Michel Scholl},
    journal={International Journal on Digital Libraries},
    year={2000},
    volume={3},
    pages={221-236},
    note = {Acessado em 09/12/2018},
    url = {https://hal.archives-ouvertes.fr/hal-00948932/document},
    doi = {http://doi.org/10.1007/s007990000037}
}

@article{Li2014TowardsGS,
    title={Towards geospatial semantic search: exploiting latent semantic relations in geospatial data},
    author={Wenwen Li and Michael F. Goodchild and Robert Raskin},
    journal={Int. J. Digital Earth},
    year={2012},
    month = {Abril},
    volume={7},
    pages={17-37},
    note = {Acessado em 09/12/2018},
    doi = {https://doi.org/10.1080/17538947.2012.674561},
    url = {https://pdfs.semanticscholar.org/e3d5/68f3537627d6be5e7f0409700dde7939e7c5.pdf}
}

@inproceedings{Tompa1989WhatI,
    title={What is ( tagged ) text ?},
    author={Frank Wm. Tompa},
    year={1989},
    month={Setembro},
    url = {https://pdfs.semanticscholar.org/6769/836462f0d945159c9bbecf3fe104c997835c.pdf},
    note = {Acessado em 08/12/2018}
}

@inproceedings{Handschuh2005CreatingOM,
    title={Creating ontology-based metadata by annotation for the semantic web},
    author={Siegfried Handschuh},
    year={2005},
    month={Fevereiro},
    note = {Acessado em 09/12/2018},
    url = {https://pdfs.semanticscholar.org/2057/23c1ce7849bea80a84c0a3546369bb0fdd88.pdf},
}

@article{Slimani2013SemanticAT,
    title={Semantic Annotation: The Mainstay of Semantic Web},
    author={Thabet Slimani},
    journal={CoRR},
    year={2013},
    month={Dezembro},
    volume={abs/1312.4794},
    url = {https://arxiv.org/ftp/arxiv/papers/1312/1312.4794.pdf},
    note = {Acessado em 09/12/2018},
}

@article{Bentin1990TheCO,
    title={The contribution of morphological and semantic relatedness to repetition priming at short and long lags: evidence from Hebrew.},
    author={Shlomo Bentin and Laurie Beth Feldman},
    journal={The Quarterly journal of experimental psychology. A, Human experimental psychology},
    year={1990},
    month={Novembro},
    volume={42 4},
    pages={693-711},
    url = {https://journals.sagepub.com/doi/pdf/10.1080/14640749008401245},
    note = {Acessado em 09/12/2018},
}

@techreport{Karlgren931533,
    author = {Karlgren, Jussi},
    institution = {KTH, Computer and Systems Sciences, DSV ; Stockholm University},
    publisher = {Department of Computer and Systems Sciences, Stockholm University},
    title = {An algebra for recommendations : Using reader data as a basis for measuring document proximity},
    series = {SYSLAB technical reports},
    number = {179},
    abstract = {A measure for proximity between documents is defined, based on data from readers. This proximity measure can be further investigated as a tool document retrieval, and as to provide data for concept formation experiments. },
    year = {1990},
    month = {Outubro},
    url = {http://kth.diva-portal.org/smash/get/diva2:931533/FULLTEXT01.pdf},
    note = {Acessado em 09/12/2018},
}

@article{twodecades:amazon,
    author = {B. Smith and G. Linden},
    journal = {IEEE Internet Computing},
    title = {Two Decades of Recommender Systems at Amazon.com},
    year = {2017},
    volume = {21},
    number = {3},
    pages = {12-18},
    keywords={Collaboration;Internet and web services;Recommender systems;Real-time systems;Social network services;Artificial intelligence;Business},
    doi = {10.1109/MIC.2017.72},
    url = {doi.ieeecomputersociety.org/10.1109/MIC.2017.72},
    ISSN = {1089-7801},
    month={Maio-Junho},
    note = {Acessado em 09/12/2018},
}

@article{expertseer,
    title={ExpertSeer: a Keyphrase Based Expert Recommender for Digital Libraries},
    author={Hung-Hsuan Chen and Alexander Ororbia and C. Lee Giles},
    journal={CoRR},
    year={2015},
    month={Novembro},
    volume={abs/1511.02058},
    url={https://arxiv.org/pdf/1511.02058.pdf},
    note = {Acessado em 09/12/2018}
}

@inproceedings{collabseer,
    title={CollabSeer: a search engine for collaboration discovery},
    author={Hung-Hsuan Chen and Liang Gou and Xiaolong Zhang and C. Lee Giles},
    booktitle={JCDL},
    year={2011},
    month={Junho},
    note = {Acessado em 09/12/2018},
    url = {http://citeseerx.ist.psu.edu/viewdoc/download?doi=10.1.1.302.8659&rep=rep1&type=pdf},
    doi = {http://doi.org/10.1145/1998076.1998121}
}

@inproceedings{Costa2010MultiagentPM,
    title={Multi-agent Personal Memory Assistant},
    author={{\^A}ngelo Costa and Paulo Novais and Ricardo Costa and Juan Manuel Corchado and Jos{\'e} Neves},
    booktitle={PAAMS},
    year={2010},
    url = {https://pdfs.semanticscholar.org/49ef/271b0ad364cc9584a053c551d158c7bdca6d.pdf},
    note = {Acessado em 09/12/2018},
    doi = {http://doi.org/10.1007/978-3-642-12433-4_12}
}

@article{Huang2012TowardAM,
    title={Toward a memory assistant companion for the individuals with mild memory impairment},
    author={Hung-Hsuan Huang and Hiroki Matsushita and Kyoji Kawagoe and Yoichi Sakai and Yuuko Nonaka and Yukiko I. Nakano and Kiyoshi Yasuda},
    journal={2012 IEEE 11th International Conference on Cognitive Informatics and Cognitive Computing},
    year={2012},
    month={Agosto},
    pages={295-299},
    url = {https://www.computer.org/csdl/proceedings/icci-cc/2012/2795/00/06311164.pdf},
    note = {Acessado em 09/12/2018},
    doi = {http://doi.org/10.1109/ICCI-CC.2012.6311164}
}

@article{Agarwal2017RememberingWY,
    title={Remembering what you said: Semantic personalized memory for personal digital assistants},
    author={Vipul Agarwal and Omar Zia Khan and Ruhi Sarikaya},
    journal={2017 IEEE International Conference on Acoustics, Speech and Signal Processing (ICASSP)},
    year={2017},
    month={Março},
    pages={5835-5839},
    url={https://ieeexplore.ieee.org/document/7953275},
    doi={http://doi.org/10.1109/ICASSP.2017.7953275},
    note = {Acessado em 09/12/2018},
}

@inproceedings{Liu2017AnET,
    title={An End-to-End Trainable Neural Network Model with Belief Tracking for Task-Oriented Dialog},
    author={Bing Liu and Ian Lane},
    booktitle={INTERSPEECH},
    year={2017},
    month={Agosto},
    url={https://arxiv.org/pdf/1708.05956.pdf},
    doi={http://doi.org/10.21437/Interspeech.2017-1326},
    note = {Acessado em 09/12/2018},
}

@article{Ma2015KnowledgeGI,
    title={Knowledge Graph Inference for spoken dialog systems},
    author={Yi Ma and Paul A. Crook and Ruhi Sarikaya and Eric Fosler-Lussier},
    journal={2015 IEEE International Conference on Acoustics, Speech and Signal Processing (ICASSP)},
    year={2015},
    month={Abril},
    pages={5346-5350},
    url={https://ieeexplore.ieee.org/document/7178992},
    doi={http://doi.org/10.1109/ICASSP.2015.7178992},
    note = {Acessado em 09/12/2018},
}

@inproceedings{HakkaniTr2014ProbabilisticEO,
    title={Probabilistic enrichment of knowledge graph entities for relation detection in conversational understanding},
    author={Dilek Z. Hakkani-T{\"u}r and Asli Çelikyilmaz and Larry P. Heck and G{\"o}khan T{\"u}r and Geoffrey Zweig},
    booktitle={INTERSPEECH},
    year={2014},
    month={Setembro},
    url={https://pdfs.semanticscholar.org/33f5/f6310e885ae50932440ab4aa70481c91566b.pdf},
    note = {Acessado em 09/12/2018},
}

@article{bura2016ai,
    title={AI and the future of operating systems},
    author={Bura, St{\'e}phane},
    journal={Information Services \& Use},
    volume={36},
    number={1-2},
    pages={127--131},
    year={2016},
    month={Setembro},
    publisher={IOS Press},
    url={https://content.iospress.com/articles/information-services-and-use/isu794},
    note = {Acessado em 09/12/2018},
}

%---

@book{ziemann2015syndromic,
    title={Syndromic surveillance: made in Europe},
    author={Ziemann, Alexandra},
    year={2015},
    publisher={Maastricht University},
    note = {Acessado em 18/12/2018},
    url = {https://inthealth.mumc.maastrichtuniversity.nl/sites/intranet.mumc.maastrichtuniversity.nl/files/inthealth_mumc_maastrichtuniversity_nl/ziemann_phd_dissertation.pdf}
}

@article{mann2011alert,
    title={Alert system to detect possible school-based outbreaks of influenza-like illness},
    author={Mann, Pamela and O’Connell, Erin and Zhang, Guoyan and Llau, Anthoni and Rico, Edhelene and Leguen, Fermin C},
    journal={Emerging infectious diseases},
    volume={17},
    number={2},
    pages={262},
    year={2011},
    month={Fevereiro},
    publisher={Centers for Disease Control and Prevention},
    note = {Acessado em 18/12/2018},
    url = {https://www.ncbi.nlm.nih.gov/pmc/articles/PMC3204753/}
}

@article{buehler2008syndromic,
    title={Syndromic surveillance practice in the United States: findings from a survey of state, territorial, and selected local health departments},
    author={Buehler, James W and Sonricker, Amy and Paladini, Marc and Soper, Paula and Mostashari, Farzad},
    journal={Advances in disease surveillance},
    volume={6},
    number={3},
    pages={1--20},
    year={2008},
    note = {Acessado em 18/12/2018},
    url={http://faculty.washington.edu/lober/www.isdsjournal.org/htdocs/articles/2618.pdf}
}

@article{aghaizueurope,
    title={A Europe-wide surveillance system framework to detect infectious disease outbreaks among healthcare workers WP 5: Surveillance of infectious diseases among European healthcare workers},
    author={Aghaizu, Adamma and Ncube, Fortune and Catchpole, Mike},
    note = {Acessado em 18/12/2018},
    year={2011},
    month={Fevereiro},
    url={https://www.rki.de/EN/Content/Institute/DepartmentsUnits/InfDiseaseEpidem/Div32/React/Work/wp5/WP_5_tool.pdf}
}

@book{wagner2011handbook,
    title={Handbook of biosurveillance},
    author={Wagner, Michael M and Moore, Andrew W and Aryel, Ron M},
    year={2011},
    publisher={Elsevier},
    url={https://books.google.com.br/books?id=98twE2_n4wYC},
    note = {Acessado em 18/12/2018},
}

@article{pilot2014syndromic,
    title={Syndromic surveillance: enhancing detection of disease outbreaks in urban China},
    author={Pilot, Eva and Schwarz, Christoph and Wang, L and Krafft, Thomas and Wang, W and Rosenberg, M},
    journal={Health and environmental change in urban areas. Beijing: China Environmental Press},
    pages={293--303},
    year={2014},
    note = {Acessado em 18/12/2018},
    url={https://www.researchgate.net/publication/268316126_Syndromic_Surveillance_Enhancing_Detection_of_Diseas_Outbreaks_in_Urban_China}
}

@article{cheng2013potential,
    title={Potential use of school absenteeism record for disease surveillance in developing countries, case study in rural Cambodia},
    author={Cheng, Calvin KY and Channarith, Hing and Cowling, Benjamin J},
    journal={PloS one},
    volume={8},
    number={10},
    pages={e76859},
    year={2013},
    publisher={Public Library of Science},
    note = {Acessado em 18/12/2018},
    url={https://journals.plos.org/plosone/article?id=10.1371/journal.pone.0076859}
}

@article{lawpoolsri2014real,
    title={Real-time monitoring of school absenteeism to enhance disease surveillance: a pilot study of a mobile electronic reporting system},
    author={Lawpoolsri, Saranath and Khamsiriwatchara, Amnat and Liulark, Wongwat and Taweeseneepitch, Komchaluch and Sangvichean, Aumnuyphan and Thongprarong, Wiraporn and Kaewkungwal, Jaranit and Singhasivanon, Pratap},
    journal={JMIR mHealth and uHealth},
    volume={2},
    number={2},
    year={2014},
    publisher={JMIR Publications Inc.},
    note = {Acessado em 18/12/2018},
    url={https://www.ncbi.nlm.nih.gov/pmc/articles/PMC4114464/}
}

@article{keon2016international,
    title={International Case Studies of Smart Cities--Singapore, Republic of Singapore, Inter-American Development Bank},
    author={Keon, S and Rain, H and Cho, H and Kim, J and Lee, D},
    journal={Recuperado de https://publications. iadb. org/handle/11319/7723},
    year={2016},
    month={Junho},
    note = {Acessado em 18/12/2018},
    url={https://webimages.iadb.org/publications/english/document/International-Case-Studies-of-Smart-Cities-Singapore-Republic-of-Singapore.pdf}
}
%---

@article{hu2014multidimensional,
    title={Multidimensional context-aware social network architecture for mobile crowdsensing},
    author={Hu, Xiping and Li, Xitong and Ngai, Edith and Leung, Victor and Kruchten, Philippe},
    journal={IEEE Communications Magazine},
    volume={52},
    number={6},
    pages={78--87},
    year={2014},
    publisher={IEEE},
    note = {Acessado em 12/12/2018},
}

@article{Kirrane2018PrivacySA,
    title={Privacy, security and policies: A review of problems and solutions with semantic web technologies},
    author={Sabrina Kirrane and Serena Villata and Mathieu d'Aquin},
    journal={Semantic Web},
    year={2018},
    volume={9},
    pages={153-161},
    url={https://pdfs.semanticscholar.org/143b/f1cbd7597dd41483faa51a35a5e774cb3d0e.pdf},
    note = {Acessado em 09/12/2018},
    doi={http://doi.org/10.3233/SW-180289}
}

@article{security:web3.0,
    author = {Findlay, Valarie},
    year = {2015},
    month = {02},
    title = {Security and Privacy Issues of Web 3.0},
    url={https://www.researchgate.net/publication/272237949_Security_and_Privacy_Issues_of_Web_30},
    note = {Acessado em 09/12/2018},
}

@article{Sparrow2011GoogleEO,
    title={Google effects on memory: cognitive consequences of having information at our fingertips.},
    author={Betsy Sparrow and Jenny Liu and Daniel M. Wegner},
    journal={Science},
    year={2011},
    volume={333 6043},
    pages={776-8},
    url={https://pdfs.semanticscholar.org/c9da/fde5969ddb9feb8a49f3d52d03a6fbe09e64.pdf},
    note = {Acessado em 09/12/2018},
    doi={http://doi.org/10.1126/science.1207745}
}

@book{theshallows,
    TITLE = {The Shallows},
    SUBTITLE = {What the Internet Is Doing to Our Brains},
    AUTHOR = {Nicholas Carr},
    YEAR = {2010},
    PUBLISHER = {W. W. Norton \& Company},
}

@book{theglasscage,
    TITLE = {The Glass Cage},
    SUBTITLE = {Automation and Us},
    AUTHOR = {Nicholas Carr},
    YEAR = {2014},
    PUBLISHER = {W. W. Norton \& Company},
}

@book{berners2001weaving,
    title={Weaving the Web: The original design and ultimate destiny of the World Wide Web by its inventor},
    author={Berners-Lee, Tim and Fischetti, Mark},
    year={2001},
    publisher={DIANE Publishing Company}
}

@inproceedings{mansour2016demonstration,
      title={A demonstration of the solid platform for social web applications},
      author={Mansour, Essam and Sambra, Andrei Vlad and Hawke, Sandro and Zereba, Maged and Capadisli, Sarven and Ghanem, Abdurrahman and Aboulnaga, Ashraf and Berners-Lee, Tim},
      booktitle={Proceedings of the 25th International Conference Companion on World Wide Web},
      pages={223--226},
      year={2016},
      organization={International World Wide Web Conferences Steering Committee}
}

@inproceedings{capadisli2017linked,
    title={Linked data notifications: A resource-centric communication protocol},
    author={Capadisli, Sarven and Guy, Amy and Lange, Christoph and Auer, S{\"o}ren and Sambra, Andrei and Berners-Lee, Tim},
    booktitle={European Semantic Web Conference},
    pages={537--553},
    year={2017},
    organization={Springer}
}